@Book{khromov:2010, 
	author = "Хромов А.А",
	title = "Приближающие свойства резольвенты оператора дифференцирования",
	publisher = "Изд. Наука",
	address = "Саратов",
	year = "2010",
	pages = "4-28",
	language = "russian"
}

@Book{Schtraus:1954, 
	author = "Штраус А.В.",
	title = "Обобщенные резольвенты симметрических операторов",
	publisher = "Изв. АН СССР, серия математическа, Т.18",
	year = "1954",
	pages = "51-86",
	language = "russian"
}

@Book{Sinko:1999, 
	author = "Синько Г.И.",
	title = "Спектральная теория интегро-дифференциальных операторов в гильбертовом пространстве",
	publisher = "УГПИ, Уссурийск",
	year = "1999",
	pages = "151",
	language = "russian"
}

@Book{Neimark:1969, 
	author = "Наймарк М. А.",
	title = "Линейные дифференциальные операторы",
	publisher = "Наука",
	year = "1969",
	pages = "132-135",
	language = "russian"
}

@Book{Fetisov:2008, 
	author = "Фетисов В. Г. and Филиппенко В. И.",
	title = "Исследования по теории операторов и их приложениям",
	publisher = "ЮРГУЭС",
	year = "2008",
	pages = "185",
	language = "russian"
}

@Book{Hatson:1983, 
	author = "Хатсон В. and Пим Дж. С.",
	title = "Приложения функционального анализа и теории операторов",
	publisher = "М. Мир",
	year = "1983",
	pages = "432-433",
	language = "russian"
}

@Book{Matveev:2003, 
	author = "Матвеев Н.М.",
	title = "Методы интегрирования обыкновенных дифференциальных уравнений",
	address = "СПб",
	publisher = "Изд. Лань",
	year = "2003",
	pages = "832",
	language = "russian"
}
